@book{brian_rose_2005,
    author         = {Brian Rose},
    date           = {2005},
    title          = {Othello: A Minute to Learn, A Lifetime to Master},
    year           = {2005},
    url            = {https://www.ffothello.org/livres/othello-book-Brian-Rose.pdf},
}